<?xml version="1.0" encoding="UTF-8"?><collection xmlns="http://www.loc.gov/MARC21/slim"><record><leader>00501nam--2200181-i-4500</leader><controlfield tag="001">000040525</controlfield><controlfield tag="002">20161230</controlfield><controlfield tag="005">20170113184415</controlfield><controlfield tag="008">060222s1000------------r-----000-0-eng-d</controlfield><datafield ind1=" " ind2=" " tag="080"><subfield code="a">517.983.26</subfield></datafield><datafield ind1=" " ind2=" " tag="100"><subfield code="a">Schatten, Robert</subfield></datafield><datafield ind1=" " ind2=" " tag="245"><subfield code="a">Norm ideals of completely continouous operators</subfield></datafield><datafield ind1=" " ind2=" " tag="250"><subfield code="a">2nd printing</subfield></datafield><datafield ind1=" " ind2=" " tag="260"><subfield code="a">Berlin</subfield><subfield code="b">Springer-Verlag</subfield><subfield code="c">1970</subfield></datafield><datafield ind1=" " ind2=" " tag="300"><subfield code="a">VI + 81 p</subfield></datafield><datafield ind1=" " ind2=" " tag="490"><subfield code="a">Ergebnisse Der Math.Und Ihrer Grenzgebietes</subfield></datafield><datafield ind1=" " ind2=" " tag="852"><subfield code="a">46498</subfield><subfield code="c">517.9</subfield></datafield><datafield ind1=" " ind2=" " tag="CAT"><subfield code="a">SYS</subfield><subfield code="c">20170113</subfield><subfield code="h">184415</subfield></datafield></record></collection>